<?xml version="1.0" encoding="UTF-8"?><collection xmlns="http://www.loc.gov/MARC21/slim"><record><leader>00365nam--2200133-i-4500</leader><controlfield tag="001">000010078</controlfield><controlfield tag="002">20161230</controlfield><controlfield tag="005">20161230201028</controlfield><controlfield tag="008">060222s1000------------r-----000-0-eng-d</controlfield><datafield ind1=" " ind2=" " tag="080"><subfield code="a">547</subfield></datafield><datafield ind1=" " ind2=" " tag="100"><subfield code="a">Barbulescu, Emilian, Barbulescu, Nicolae Si Greff, Cristea</subfield></datafield><datafield ind1=" " ind2=" " tag="245"><subfield code="a">Reactii ale compusilor organici</subfield></datafield><datafield ind1=" " ind2=" " tag="260"><subfield code="a">Bucuresti, Ed.Tehnica, 1972. 510 P</subfield></datafield><datafield ind1=" " ind2=" " tag="852"><subfield code="a">36435</subfield></datafield></record></collection>